@InProceedings{ubiquitous,
	 author = "Sonja Buchegger",
	 title = "Ubiquitous Social Networks",
	 booktitle= "Ubicomp Grand Challenge, Ubiquitous Computing at a Crossroads Workshop",
	 address = "London, U.K.",
	 month = "January 6-7,",
	 year = "2009"
}

@InProceedings{case,
       author =    "Sonja Buchegger and Anwitaman Datta",
       title =     "A Case for {P2P} Infrastructure for Social Networks - Opportunities and Challenges ",
       booktitle = "Proceedings of WONS 2009, The Sixth International Conference on Wireless On-demand Network Systems and Services",
       address =   "Snowbird, Utah, USA",
       year =      "2009",
       month =     "February 2-4,"
} 

@inproceedings{futureosnp2p,
	  author = {Ching man Au Yeung and Ilaria Liccardi and Kanghao Lu and Oshani Seneviratne and Tim Berners-Lee},
	  booktitle = {W3C Workshop on the Future of Social Networking Position Papers },
	  interhash = {e425e5c276ddb0c7e580571b3610cf75},
	  intrahash = {a69a0b9b6e32c1e7fb58bc77e932bdf4},
	  title = {Decentralization: The Future of Online Social Networking},
	  year = 2009,
	  keywords = {annotation beyond-btc distributed kat security social web},
	  added-at = {2009-02-04T08:57:35.000+0100},
	  biburl = {http://www.bibsonomy.org/bibtex/2a69a0b9b6e32c1e7fb58bc77e932bdf4/casi}
}

@INPROCEEDINGS{Mislove,
	    author = {Alan Mislove and Massimiliano Marcon and Krishna P. Gummadi and Peter Druschel and Bobby Bhattacharjee},
	    title = {Measurement and Analysis of Online Social Networks},
	    booktitle = {In Proceedings of the 5th ACM/USENIX Internet Measurement Conference (IMC’07},
	    year = {2007}
}

@InProceedings{gossple,
 		author =    "M. Bertier, D. Frey, R. Guerraoui, A.-M. Kermarrec, V. Leroy",
       title =     "The Gossple Anonymous Social Network",
       booktitle = "In Proc. of the ACM/IFIP/USENIX 11th Conference (Middleware'10)",
       address =   "Bangalore, India",
       year =      "2010",
       month =     "December,"
}

@InProceedings{peerson,
       author =    "Sonja Buchegger and Doris Schi{\"{o}}berg and Le Hung Vu and Anwitaman Datta",
       title =     "PeerSoN: P2P Social Networking - Early Experiences and Insights",
       booktitle = "Proceedings of the Second ACM Workshop on Social Network Systems Social Network Systems 2009, co-located with Eurosys 2009",
       address =   "N{\"{u}}rnberg, Germany",
       year =      "2009",
       month =     "March 31,"
}

@InProceedings{scope,
       author =    "Mehdi Mani, Anh-Minh Nguyen, Noel Crespi",
       title =     "SCOPE: A Prototype for Spontaneous P2P Social Networking",
       booktitle = "Proceedings of Pervasive Computing and Communications Workshops (PERCOM Workshops), 2010 8th IEEE International Conference on",
       address =   "Mannheim",
       year =      "2010",
       month =     "April 2,"
}

@InProceedings{web1,
       address =     {Facebook: www.facebook.com}
}

@InProceedings{web2,
       address =     {Twitter: www.twitter.com}
}

@InProceedings{web3,
       address =     {LinkedIn: www.linkedin.com}
}

@InProceedings{web4,
       address =     {Flicker: www.flicker.com}
}

@InProceedings{webp2p,
       address =     {BitTorrent: www.bittorrent.com, Napster: http://www.napster.com, Gnutella: http://www.gnutella.co.uk, eDonkey: www.emule-project.net}
}

@InProceedings{webp2pd1,
       address =     {Diaspora: www.joindiaspora.com}
}

@InProceedings{webp2pd2,
       address =     {Identi.ca: www.identi.ca}
}

@InProceedings{small,
       author =    "Duncan J. Watts",
       title =     "Networks, Dynamics, and the Small-World Phenomenon",
       booktitle = "The American Journal of Sociology, Vol. 105, No. 2",
       page	= "492-527",
       address =   "The University of Chicago Press",
       year =      "1999",
       month =     "September"
}

@article{six,
	  author = {Duncan J. Watts and Steven H. Strogatz},
	  interhash = {02e54cb4f5d01567f9d4d2bfd5ca6587},
	  intrahash = {b8d3db260a39adbd9a3b93db2896d602},
	  journal = {Nature},
	  number = 6684,
	  pages = {440--442},
	  title = {Collective dynamics of /`small-world/' networks},
	  url = {http://dx.doi.org/10.1038/30918},
	  volume = 393,
	  year = 1998,
	  keywords = {collective dynamics measure networks smallworld},
	  month = {jun}
}

@inproceedings{facebook,
	 author = {Wilson, Christo and Boe, Bryce and Sala, Alessandra and Puttaswamy, Krishna P.N. and Zhao, Ben Y.},
	 title = {User interactions in social networks and their implications},
	 booktitle = {EuroSys '09: Proceedings of the 4th ACM European conference on Computer systems},
	 year = {2009},
	 isbn = {978-1-60558-482-9},
	 pages = {205--218},
	 location = {Nuremberg, Germany},
	 doi = {http://doi.acm.org/10.1145/1519065.1519089},
	 publisher = {ACM},
	 address = {New York, NY, USA},
 }
 
@inproceedings{social,
	 author = {Mislove, Alan and Marcon, Massimiliano and Gummadi, Krishna P. and Druschel, Peter and Bhattacharjee, Bobby},
	 title = {Measurement and analysis of online social networks},
	 booktitle = {IMC '07: Proceedings of the 7th ACM SIGCOMM conference on Internet measurement},
	 year = {2007},
	 isbn = {978-1-59593-908-1},
	 pages = {29--42},
	 location = {San Diego, California, USA},
	 doi = {http://doi.acm.org/10.1145/1298306.1298311},
	 publisher = {ACM},
	 address = {New York, NY, USA},
 }
 
@inproceedings{twitter,
	 author = {Kwak, Haewoon and Lee, Changhyun and Park, Hosung and Moon, Sue},
	 title = {What is Twitter, a social network or a news media?},
	 booktitle = {WWW '10: Proceedings of the 19th international conference on World wide web},
	 year = {2010},
	 isbn = {978-1-60558-799-8},
	 pages = {591--600},
	 location = {Raleigh, North Carolina, USA},
	 doi = {http://doi.acm.org/10.1145/1772690.1772751},
	 publisher = {ACM},
	 address = {New York, NY, USA},
 }
 
@inproceedings{maze,
	 author = {Zhao, Yang and Hou, Xiaoxiao and Yang, Mao and Dai, Yafei},
	 title = {Measurement study and application of social network in the Maze P2P file-sharing system},
	 booktitle = {InfoScale '06: Proceedings of the 1st international conference on Scalable information systems},
	 year = {2006},
	 isbn = {1-59593-428-6},
	 pages = {57},
	 location = {Hong Kong},
	 doi = {http://doi.acm.org/10.1145/1146847.1146905},
	 publisher = {ACM},
	 address = {New York, NY, USA},
 }
 
@INPROCEEDINGS{bootstrapp,
    author = {Curt Cramer and Kendy Kutzner and Thomas Fuhrmann},
    title = {Bootstrapping locality-aware P2P networks},
    booktitle = {in: The IEEE International Conference on Networks (ICON},
    year = {2004},
    pages = {357--361}
}
 
@incollection {search2006,
   author = {Sakaryan, German and Wulff, Markus and Unger, Herwig},
   affiliation = {Computer Science Dept., University of Rostock, 18059 Rostock Germany Germany},
   title = {Search Methods in P2P Networks: A Survey},
   booktitle = {Innovative Internet Community Systems},
   series = {Lecture Notes in Computer Science},
   editor = {Böhme, Thomas and Larios Rosillo, Victor and Unger, Helena and Unger, Herwig},
   publisher = {Springer Berlin / Heidelberg},
   pages = {59-68},
   volume = {3473},
   year = {2006}
}
 
@article{search2007,
	author = {Risson, John and Moors, Tim},
	title = {Survey of research towards robust peer-to-peer networks: search methods},
	journal = {Comput. Netw.},
	volume = {50},
	number = {17},
	year = {2006},
	issn = {1389-1286},
	pages = {3485--3521},
	publisher = {Elsevier North-Holland, Inc.},
	address = {New York, NY, USA},
}
 
@inproceedings{spidercast,
	 author = {Chockler, Gregory and Melamed, Roie and Tock, Yoav and Vitenberg, Roman},
	 title = {SpiderCast: a scalable interest-aware overlay for topic-based pub/sub communication},
	 booktitle = {Proceedings of the 2007 inaugural international conference on Distributed event-based systems},
	 series = {DEBS '07},
	 year = {2007},
	 isbn = {978-1-59593-665-3},
	 location = {Toronto, Ontario, Canada},
	 pages = {14--25},
	 numpages = {12},
	 url = {http://doi.acm.org/10.1145/1266894.1266899},
	 doi = {http://doi.acm.org/10.1145/1266894.1266899},
	 acmid = {1266899},
	 publisher = {ACM},
	 address = {New York, NY, USA},
	 keywords = {overlay networks, peer-to-peer, pub/sub systems, scalability},
} 

@article{semias,
	author = {Stefania Costache and Thomas Ropars and Christine Morin},
	title = {Semias: Self-Healing Active Replication on Top of a Structured Peer-to-Peer Overlay},
	journal ={Reliable Distributed Systems, IEEE Symposium on},
	volume = {0},
	issn = {1060-9857},
	year = {2010},
	pages = {235-244},
	doi = {http://doi.ieeecomputersociety.org/10.1109/SRDS.2010.34},
	publisher = {IEEE Computer Society},
	address = {Los Alamitos, CA, USA},
}
 
@INPROCEEDINGS{kom,
	author={Graffi, K. and Gross, C. and Mukherjee, P. and Kovacevic, A. and Steinmetz, R.},
	booktitle={Peer-to-Peer Computing (P2P), 2010 IEEE Tenth International Conference on}, title={LifeSocial.KOM: A P2P-Based Platform for Secure Online Social Networks},
	year={2010},
	month=aug.,
	volume={},
	number={},
	pages={1 -2},
	keywords={LifeSocial.KOM;P2P-based platform;distributed system quality;monitoring component;participating nodes;plugin-based communication;secure communication;secure online social networks;user-based data access control;authorisation;computer network security;information retrieval;peer-to-peer computing;social networking (online);software quality;},
	doi={10.1109/P2P.2010.5569977},
	ISSN={},
}

@inproceedings{porkut,
	 author = {Narendula, Rammohan and Papaioannou, Thanasis G. and Aberer, Karl},
	 title = {Privacy-Aware and Highly-Available OSN Profiles},
	 booktitle = {Proceedings of the 2010 19th IEEE International Workshops on Enabling Technologies: Infrastructures for Collaborative Enterprises},
	 series = {WETICE '10},
	 year = {2010},
	 isbn = {978-0-7695-4063-4},
	 pages = {211--216},
	 numpages = {6},
	 url = {http://dx.doi.org/10.1109/WETICE.2010.40},
	 doi = {http://dx.doi.org/10.1109/WETICE.2010.40},
	 acmid = {1850348},
	 publisher = {IEEE Computer Society},
	 address = {Washington, DC, USA},
	 keywords = {online social network, privacy-preserving index, connected dominating set, trust},
} 

@inproceedings{f2f,
    author = {Jinyang Li Frank},
    booktitle = {Proceedings of the 5th International Workshop on Peer-to-Peer Systems (IPTPS '06)},
    title = {F2F: reliable storage in open networks},
    address = {Santa Barbara, CA, USA},
    year = {February 2006},
}

@inproceedings{latent,
	 author = {Jiang, Jing and Wilson, Christo and Wang, Xiao and Huang, Peng and Sha, Wenpeng and Dai, Yafei and Zhao, Ben Y.},
	 title = {Understanding latent interactions in online social networks},
	 booktitle = {Proceedings of the 10th annual conference on Internet measurement},
	 series = {IMC '10},
	 year = {2010},
	 isbn = {978-1-4503-0483-2},
	 location = {Melbourne, Australia},
	 pages = {369--382},
	 numpages = {14},
	 url = {http://doi.acm.org/10.1145/1879141.1879190},
	 doi = {http://doi.acm.org/10.1145/1879141.1879190},
	 acmid = {1879190},
	 publisher = {ACM},
	 address = {New York, NY, USA},
	 keywords = {latent interactions, online social networks},
} 

@inproceedings{dataset1, 
   author= {Minas Gjoka and Maciej Kurant and Carter T. Butts and Athina Markopoulou}, 
   title= { {Walking in Facebook: A Case Study of Unbiased Sampling of OSNs} }, 
   booktitle = {Proceedings of IEEE INFOCOM '10},
   address = {San Diego, CA}, 
   month = {March}, 
   year = {2010} 
 }
